<?xml version="1.0" encoding="UTF-8"?><collection xmlns="http://www.loc.gov/MARC21/slim"><record><leader>00372nam--2200133-i-4500</leader><controlfield tag="001">000034489</controlfield><controlfield tag="002">20161230</controlfield><controlfield tag="005">20161230201040</controlfield><controlfield tag="008">060222s1000------------r-----000-0-eng-d</controlfield><datafield ind1=" " ind2=" " tag="080"><subfield code="a">530.145.6:512.815.8</subfield></datafield><datafield ind1=" " ind2=" " tag="100"><subfield code="a">Normand, Jean-marie</subfield></datafield><datafield ind1=" " ind2=" " tag="245"><subfield code="a">A lie group: rotations in quantum mechanics</subfield></datafield><datafield ind1=" " ind2=" " tag="260"><subfield code="a">Amsterdam, North-holland Publ.Co., 1980, Xvii + 486p</subfield></datafield><datafield ind1=" " ind2=" " tag="852"><subfield code="a">49227</subfield></datafield></record></collection>